@article{chin2020stability,
  title={Stability of SARS-CoV-2 in different environmental conditions},
  author={Chin, Alex and Chu, Julie and Perera, Mahen and Hui, Kenrie and Yen, Hui-Ling and Chan, Michael and Peiris, Malik and Poon, Leo},
  journal={MedRxiv},
  year={2020},
  publisher={Cold Spring Harbor Laboratory Press}
}

@article{rodela2020economic,
  title={Economic Impacts of Coronavirus Disease (COVID-19) in Developing Countries},
  author={Rodela, Tahmina Tasnim and Tasnim, Samia and Mazumder, Hoimonty and Faizah, Farah and Sultana, Abida and Hossain, Md Mahbub},
  year={2020},
  publisher={SocArXiv}
}

@misc{blustein2020unemployment,
  title={Unemployment in the time of COVID-19: A research agenda},
  author={Blustein, David L and Duffy, Ryan and Ferreira, Joaquim A and Cohen-Scali, Valerie and Cinamon, Rachel Gali and Allan, Blake A},
  year={2020},
  publisher={Elsevier}
}

@article{meo2020biological,
  title={Biological and epidemiological trends in the prevalence and mortality due to outbreaks of novel coronavirus COVID-19},
  author={Meo, Sultan Ayoub and Al-Khlaiwi, Thamir and Usmani, Adnan Mahmood and Meo, Anusha Sultan and Klonoff, David C and Hoang, Thanh D},
  journal={Journal of King Saud University-Science},
  volume={32},
  number={4},
  pages={2495--2499},
  year={2020},
  publisher={Elsevier}
}

@misc{noauthor_food_nodate,
	title = {Food and {Agriculture} {Organization} of the {United} {Nations}},
	url = {http://www.fao.org/home/en/},
	abstract = {The Food and Agriculture Organization (FAO) is a specialized agency of the United Nations that leads international efforts to defeat hunger.},
	language = {en},
	urldate = {2021-03-06},
	journal = {Food and Agriculture Organization of the United Nations}
}

@online{noauthor_covid-19_nodate,
	title = {{COVID}-19 Map},
	url = {https://coronavirus.jhu.edu/map.html},
	abstract = {Coronavirus {COVID}-19 Global Cases by the Center for Systems Science and Engineering ({CSSE}) at Johns Hopkins University ({JHU})},
	titleaddon = {Johns Hopkins Coronavirus Resource Center},
	urldate = {2021-03-06},
	langid = {english}
}
@article{likas2003global,
  title={The global k-means clustering algorithm},
  author={Likas, Aristidis and Vlassis, Nikos and Verbeek, Jakob J},
  journal={Pattern recognition},
  volume={36},
  number={2},
  pages={451--461},
  year={2003},
  publisher={Elsevier}
}

@book{drabas2017learning,
  title={Learning PySpark},
  author={Drabas, Tomasz and Lee, Denny},
  year={2017},
  publisher={Packt Publishing Ltd}
}
@article{keim2013big,
  title={Big-data visualization},
  author={Keim, Daniel and Qu, Huamin and Ma, Kwan-Liu},
  journal={IEEE Computer Graphics and Applications},
  volume={33},
  number={4},
  pages={20--21},
  year={2013},
  publisher={IEEE}
}

@book{cielen2016introducing,
  title={Introducing data science: big data, machine learning, and more, using Python tools},
  author={Cielen, Davy and Meysman, Arno DB and Ali, Mohamed},
  year={2016},
  publisher={Manning Publications Co.,}
}

@book{sievert2020interactive,
  title={Interactive web-based data visualization with R, plotly, and shiny},
  author={Sievert, Carson},
  year={2020},
  publisher={CRC Press}
}

@incollection{benesty2009pearson,
  title={Pearson correlation coefficient},
  author={Benesty, Jacob and Chen, Jingdong and Huang, Yiteng and Cohen, Israel},
  booktitle={Noise reduction in speech processing},
  pages={1--4},
  year={2009},
  publisher={Springer}
}
@inproceedings{nargesian2017learning,
  title={Learning Feature Engineering for Classification.},
  author={Nargesian, Fatemeh and Samulowitz, Horst and Khurana, Udayan and Khalil, Elias B and Turaga, Deepak S},
  booktitle={Ijcai},
  pages={2529--2535},
  year={2017}
}
@book{celebi2016unsupervised,
  title={Unsupervised learning algorithms},
  author={Celebi, M Emre and Aydin, Kemal},
  year={2016},
  publisher={Springer}
}
@article{likas2003global,
  title={The global k-means clustering algorithm},
  author={Likas, Aristidis and Vlassis, Nikos and Verbeek, Jakob J},
  journal={Pattern recognition},
  volume={36},
  number={2},
  pages={451--461},
  year={2003},
  publisher={Elsevier}
}
@book{montgomery2021introduction,
  title={Introduction to linear regression analysis},
  author={Montgomery, Douglas C and Peck, Elizabeth A and Vining, G Geoffrey},
  year={2021},
  publisher={John Wiley \& Sons}
}
@article{chai2014root,
  title={Root mean square error (RMSE) or mean absolute error (MAE)?--Arguments against avoiding RMSE in the literature},
  author={Chai, Tianfeng and Draxler, Roland R},
  journal={Geoscientific model development},
  volume={7},
  number={3},
  pages={1247--1250},
  year={2014},
  publisher={Copernicus GmbH}
}

@article{liaw2002classification,
  title={Classification and regression by randomForest},
  author={Liaw, Andy and Wiener, Matthew and others},
  journal={R news},
  volume={2},
  number={3},
  pages={18--22},
  year={2002}
}
@incollection{neak2021cambodia,
  title={Cambodiaâ€™s Response to COVID-19 and Its Impacts on Cambodia--China Relations},
  author={Neak, Chandarith and Sok, Sothearak},
  booktitle={The Reshaping of China-Southeast Asia Relations in Light of the COVID-19 Pandemic},
  pages={51--67},
  year={2021},
  publisher={Springer}
}